@article{rivier2013electricity,
title={Electricity transmission},
author={Rivier, Michel and P{\'e}rez-Arriaga, Ignacio J and
Olmos, Luis},
journal={Regulation of the power sector},
pages={251--340},
year={2013},
publisher={Springer}
}
@article{sedano2004electricity,
title={Electricity transmission: a primer},
author={Sedano, Richard P and Brown, Matthew H},
journal={National Council on Electricity Policy, June,
Washington, DC},
year={2004}
}
@article{rosellon2003different,
title={Different approaches towards electricity transmission
expansion},
author={Rosell{\'o}n, Juan},
journal={Review of network economics},
volume={2},
number={3},
year={2003},
publisher={De Gruyter}
}